@article{barbasch2022special,
  title={Special unipotent representations of real classical groups: counting and reduction to good parity},
  author={Barbasch, Dan and Ma, Jia-Jun and Sun, Binyong and Zhu, Chen-Bo},
  journal={arXiv preprint arXiv:2205.05266},
  year={2022}
}
@article{vogan1979irreducible,
  title={Irreducible characters of semisimple Lie groups I},
  author={Vogan, Jr, David A},
  year={1979}
}
@inproceedings{lusztig1979class,
  title        = {A class of irreducible representations of a Weyl group},
  author       = {Lusztig, George},
  booktitle    = {Indagationes Mathematicae (Proceedings)},
  volume       = {82},
  number       = {1},
  pages        = {323--335},
  year         = {1979},
  organization = {North-Holland}
}